@inbook{EEG-maeling,
author = {Malmivuo, Jaakko and Plonsey, Robert},
year = {1995},
month = {01},
pages = {247-264},
title = {Bioelectromagnetism. 13. Electroencephalography},
isbn = {978-0195058239}
}

@article{Doctorsgrein,
author = {Ali Hossam Shoeb},
title = {Application of machine learning to epileptic seizure onset detection and treatment},
journal = {Massachusetts Institute of Technology},
year = {2009}
}

@book{friedman2001elements,
  title={The elements of statistical learning},
  author={Friedman, Jerome and Hastie, Trevor and Tibshirani, Robert},
  volume={1},
  number={10},
  year={2001},
  publisher={Springer series in statistics New York}
}

@article{Hjorth,
author = {Seung-Hyeon Oh, Yu-Ri Lee, and Hyoung-Nam Kim},
title = {A Novel EEG Feature Extraction Method Using
Hjorth Parameter},
journal = {International Journal of Electronics and Electrical Engineering},
year = {2014}
}

@book{nunez2017elegant,
  title={Elegant SciPy: The Art of Scientific Python},
  author={Nunez-Iglesias, Juan and Van der Walt, St{\'e}fan and Walt, St and Dashnow, Harriet},
  year={2017},
  publisher={ O'Reilly Media, Inc.}
}